{
  "leader": "04249cam a2200493 a 4500",
  "fields": [
    {
      "001": "ocm37254357\\"
    },
    {
      "003": "OCoLC"
    },
    {
      "005": "20220701110635.0"
    },
    {
      "008": "970624s1998\\\\\\\\ctu\\\\\\\\\\\\b\\\\\\\\001\\0\\eng\\\\"
    },
    {
      "010": {
        "ind1": "\\",
        "ind2": "\\",
        "subfields": [
          {
            "a": "   97026367 "
          }
        ]
      }
    },
    {
      "040": {
        "ind1": "\\",
        "ind2": "\\",
        "subfields": [
          {
            "a": "DLC"
          },
          {
            "b": "eng"
          },
          {
            "c": "DLC"
          },
          {
            "d": "IOP"
          },
          {
            "d": "UKM"
          },
          {
            "d": "BAKER"
          },
          {
            "d": "NLGGC"
          },
          {
            "d": "YDXCP"
          },
          {
            "d": "BTCTA"
          },
          {
            "d": "LVB"
          },
          {
            "d": "MEAUC"
          },
          {
            "d": "SXC"
          },
          {
            "d": "GEBAY"
          },
          {
            "d": "BDX"
          },
          {
            "d": "OCLCF"
          },
          {
            "d": "DEBBG"
          },
          {
            "d": "DEBSZ"
          },
          {
            "d": "OCLCQ"
          },
          {
            "d": "OCLCO"
          },
          {
            "d": "CPO"
          },
          {
            "d": "OCLCO"
          },
          {
            "d": "BGU"
          },
          {
            "d": "OCLCO"
          },
          {
            "d": "XFF"
          },
          {
            "d": "OCLCO"
          },
          {
            "d": "CPS"
          },
          {
            "d": "OCLCO"
          },
          {
            "d": "OCLCA"
          },
          {
            "d": "NKM"
          },
          {
            "d": "OCLCO"
          },
          {
            "d": "IL4J6"
          },
          {
            "d": "OCLCO"
          },
          {
            "d": "OKS"
          },
          {
            "d": "OCLCO"
          }
        ]
      }
    },
    {
      "019": {
        "ind1": "\\",
        "ind2": "\\",
        "subfields": [
          {
            "a": "39217336"
          },
          {
            "a": "1167179957"
          },
          {
            "a": "1276803741"
          }
        ]
      }
    },
    {
      "020": {
        "ind1": "\\",
        "ind2": "\\",
        "subfields": [
          {
            "a": "0300064497"
          },
          {
            "q": "(alk. paper)"
          }
        ]
      }
    },
    {
      "020": {
        "ind1": "\\",
        "ind2": "\\",
        "subfields": [
          {
            "a": "9780300064490"
          },
          {
            "q": "(alk. paper)"
          }
        ]
      }
    },
    {
      "035": {
        "ind1": "\\",
        "ind2": "\\",
        "subfields": [
          {
            "a": "(OCoLC)37254357"
          },
          {
            "z": "(OCoLC)39217336"
          },
          {
            "z": "(OCoLC)1167179957"
          },
          {
            "z": "(OCoLC)1276803741"
          }
        ]
      }
    },
    {
      "050": {
        "ind1": "0",
        "ind2": "0",
        "subfields": [
          {
            "a": "JC330.15"
          },
          {
            "b": ".P75 1998"
          }
        ]
      }
    },
    {
      "080": {
        "ind1": "\\",
        "ind2": "\\",
        "subfields": [
          {
            "a": "361.763(08)"
          }
        ]
      }
    },
    {
      "082": {
        "ind1": "0",
        "ind2": "0",
        "subfields": [
          {
            "a": "361.7630973"
          },
          {
            "b": "PRI"
          }
        ]
      }
    },
    {
      "245": {
        "ind1": "0",
        "ind2": "0",
        "subfields": [
          {
            "a": "Private action and the public good /"
          },
          {
            "c": "edited by Walter W. Powell and Elisabeth S. Clemens."
          }
        ]
      }
    },
    {
      "260": {
        "ind1": "\\",
        "ind2": "\\",
        "subfields": [
          {
            "a": "New Haven, CT :"
          },
          {
            "b": "Yale University Press,"
          },
          {
            "c": "\u00a91998."
          }
        ]
      }
    },
    {
      "300": {
        "ind1": "\\",
        "ind2": "\\",
        "subfields": [
          {
            "a": "xix, 313 pages ;"
          },
          {
            "c": "29 cm"
          }
        ]
      }
    },
    {
      "336": {
        "ind1": "\\",
        "ind2": "\\",
        "subfields": [
          {
            "a": "text"
          },
          {
            "b": "txt"
          },
          {
            "2": "rdacontent"
          }
        ]
      }
    },
    {
      "337": {
        "ind1": "\\",
        "ind2": "\\",
        "subfields": [
          {
            "a": "unmediated"
          },
          {
            "b": "n"
          },
          {
            "2": "rdamedia"
          }
        ]
      }
    },
    {
      "338": {
        "ind1": "\\",
        "ind2": "\\",
        "subfields": [
          {
            "a": "volume"
          },
          {
            "b": "nc"
          },
          {
            "2": "rdacarrier"
          }
        ]
      }
    },
    {
      "504": {
        "ind1": "\\",
        "ind2": "\\",
        "subfields": [
          {
            "a": "Includes bibliographical references and index."
          }
        ]
      }
    },
    {
      "505": {
        "ind1": "0",
        "ind2": "0",
        "subfields": [
          {
            "t": "On the contested nature of the public good /"
          },
          {
            "r": "Jane Mansbridge --"
          },
          {
            "t": "Public good as a social and cultural project /"
          },
          {
            "r": "Craig Calhoun --"
          },
          {
            "t": "What is altruism? /"
          },
          {
            "r": "Alan Wolfe --"
          },
          {
            "t": "Religious ethic and the spirit of nonprofit entrepreneurship /"
          },
          {
            "r": "Mark Chaves --"
          },
          {
            "t": "Institutional form and organizational behavior /"
          },
          {
            "r": "Burton A. Weisbrod --"
          },
          {
            "t": "Mismeasuring the consequences of ownership: external influences and the comparative performance of public, for-profit, and private nonprofit organizations /"
          },
          {
            "r": "Mark Schlesinger --"
          },
          {
            "t": "Does auspice matter? The case of day care for children in Canada /"
          },
          {
            "r": "Michael Krashinsky."
          }
        ]
      }
    },
    {
      "505": {
        "ind1": "0",
        "ind2": "0",
        "subfields": [
          {
            "t": "Importance of organizational form: parent perceptions versus reality in the day care industry /"
          },
          {
            "r": "Elizabeth Mauser --"
          },
          {
            "t": "Markets, politics, and charity: nonprofits in the political economy /"
          },
          {
            "r": "Kirsten A. Gronbjerg --"
          },
          {
            "t": "Third route: government-nonprofit collaboration in Germany and the United States /"
          },
          {
            "r": "Lester M. Salamon and Helmut K. Anheier --"
          },
          {
            "t": "Partners in reform: nonprofit organizations and the welfare state in France /"
          },
          {
            "r": "Claire F. Ullman --"
          },
          {
            "t": "Nonprofit sector and the transformation of societies: a comparative analysis of East Germany, Poland, and Hungary /"
          },
          {
            "r": "Helmut K. Anheier and Wolfgang Seibel."
          }
        ]
      }
    },
    {
      "505": {
        "ind1": "0",
        "ind2": "0",
        "subfields": [
          {
            "t": "Kindness or justice? Women's associations and the politics of race and history /"
          },
          {
            "r": "Nancy Marie Robertson --"
          },
          {
            "t": "Channeling social protest: foundation patronage of contemporary social movements /"
          },
          {
            "r": "J. Craig Jenkins --"
          },
          {
            "t": "Nonprofit organizations in international development: agents of empowerment or preservers of stability? /"
          },
          {
            "r": "Brian H. Smith --"
          },
          {
            "t": "Creating social capital: nongovernmental development organizations and intersectoral problem solving /"
          },
          {
            "r": "L. David Brown --"
          },
          {
            "t": "Volunteers and professionals: many histories, many meanings /"
          },
          {
            "r": "Barry D. Karl."
          }
        ]
      }
    },
    {
      "505": {
        "ind1": "0",
        "ind2": "0",
        "subfields": [
          {
            "t": "Bureaucracy and democracy in organizations: revisiting feminist organizations /"
          },
          {
            "r": "Catherine Alter --"
          },
          {
            "t": "Environmental constraints and organizational strategies: complexity, conflict, and coping in the nonprofit sector /"
          },
          {
            "r": "Victoria D. Alexander --"
          },
          {
            "t": "Reflections on emotional rhetoric and boards for governance of NPOS /"
          },
          {
            "r": "Jerald Hage."
          }
        ]
      }
    },
    {
      "520": {
        "ind1": "\\",
        "ind2": "\\",
        "subfields": [
          {
            "a": "\"An original collection of writings that explores the nature of the 'public good' and how private nonprofit organizations relate to it.\"--Back cover."
          }
        ]
      }
    },
    {
      "650": {
        "ind1": "\\",
        "ind2": "0",
        "subfields": [
          {
            "a": "Public interest."
          }
        ]
      }
    },
    {
      "650": {
        "ind1": "\\",
        "ind2": "0",
        "subfields": [
          {
            "a": "Common good."
          }
        ]
      }
    },
    {
      "650": {
        "ind1": "\\",
        "ind2": "0",
        "subfields": [
          {
            "a": "Nonprofit organizations."
          }
        ]
      }
    },
    {
      "650": {
        "ind1": "\\",
        "ind2": "2",
        "subfields": [
          {
            "a": "Organizations, Nonprofit"
          }
        ]
      }
    },
    {
      "650": {
        "ind1": "\\",
        "ind2": "7",
        "subfields": [
          {
            "a": "Common good."
          },
          {
            "2": "fast"
          },
          {
            "0": "(OCoLC)fst00869784"
          }
        ]
      }
    },
    {
      "650": {
        "ind1": "\\",
        "ind2": "7",
        "subfields": [
          {
            "a": "Nonprofit organizations."
          },
          {
            "2": "fast"
          },
          {
            "0": "(OCoLC)fst01038875"
          }
        ]
      }
    },
    {
      "650": {
        "ind1": "\\",
        "ind2": "7",
        "subfields": [
          {
            "a": "Public interest."
          },
          {
            "2": "fast"
          },
          {
            "0": "(OCoLC)fst01082535"
          }
        ]
      }
    },
    {
      "700": {
        "ind1": "1",
        "ind2": "\\",
        "subfields": [
          {
            "a": "Powell, Walter W."
          }
        ]
      }
    },
    {
      "700": {
        "ind1": "1",
        "ind2": "\\",
        "subfields": [
          {
            "a": "Clemens, Elisabeth Stephanie,"
          },
          {
            "d": "1958-"
          }
        ]
      }
    },
    {
      "856": {
        "ind1": "4",
        "ind2": "1",
        "subfields": [
          {
            "3": "Table of contents"
          },
          {
            "u": "http://bvbr.bib-bvb.de:8991/F?func=service&doc_library=BVB01&local_base=BVB01&doc_number=008249717&line_number=0001&func_code=DB_RECORDS&service_type=MEDIA"
          }
        ]
      }
    },
    {
      "856": {
        "ind1": "4",
        "ind2": "1",
        "subfields": [
          {
            "3": "Table of contents"
          },
          {
            "u": "http://digitool.hbz-nrw.de:1801/webclient/DeliveryManager?pid=1187531&custom_att_2=simple_viewer"
          }
        ]
      }
    },
    {
      "994": {
        "ind1": "\\",
        "ind2": "\\",
        "subfields": [
          {
            "a": "Z0"
          },
          {
            "b": "NYRVC"
          }
        ]
      }
    },
    {
      "948": {
        "ind1": "\\",
        "ind2": "\\",
        "subfields": [
          {
            "h": "NO HOLDINGS IN NYRVC - 558 OTHER HOLDINGS"
          }
        ]
      }
    },
    {
      "999": {
        "ind1": "\\",
        "ind2": "\\",
        "subfields": [
          {
            "a": "00000000013902"
          }
        ]
      }
    }
  ]
}